<record xmlns:xsi="http://www.w3.org/2001/XMLSchema-instance" xmlns="http://www.loc.gov/MARC21/slim" xsi:schemaLocation="http://www.loc.gov/MARC21/slim http://www.loc.gov/standards/marcxml/schema/MARC21slim.xsd">

  <leader>00912nam a2200169Ia 4500</leader>
  <datafield ind1=" " tag="999" ind2=" ">
    <subfield code="c">2354</subfield>
    <subfield code="d">2354</subfield>
  </datafield>
  <controlfield tag="008">180911b2005    cr ||||| |||| 00| | spa d</controlfield>
  <datafield ind1=" " tag="090" ind2=" ">
    <subfield code="a">19.02.07 </subfield>
    <subfield code="b">1614</subfield>
  </datafield>
  <datafield ind2=" " ind1=" " tag="100">
    <subfield code="a">Oficina Internacional del Trabajo. Programa Internacional para la Erradicación del Trabajo Infantil</subfield>
    <subfield code="9">4218</subfield>
  </datafield>
  <datafield ind2="0" tag="245" ind1="1">
    <subfield code="a">Directorio de Instituciones y Organizaciones de la provincia de Limón que brindan servicios a personas menores de edad y sus familias / </subfield>
    <subfield code="c">Oficina Internacional del Trabajo. Programa Internacional para la Erradicación del Trabajo Infantil</subfield>
  </datafield>
  <datafield ind1=" " tag="260" ind2=" ">
    <subfield code="a">San José, Costa Rica : </subfield>
    <subfield code="b">OIT, </subfield>
    <subfield code="c">2005</subfield>
  </datafield>
  <datafield ind1=" " tag="300" ind2=" ">
    <subfield code="a">69 páginas</subfield>
  </datafield>
  <datafield ind2=" " ind1=" " tag="500">
    <subfield code="a">Programa: "Prevención, protección y atención directa a personas menores de edad víctimas de explotación sexual comercial  en la Provincia de Limón"</subfield>
  </datafield>
  <datafield ind2="4" ind1="1" tag="650">
    <subfield code="a">DIRECTORIOS</subfield>
    <subfield code="9">2789</subfield>
  </datafield>
  <datafield ind1="1" tag="650" ind2="4">
    <subfield code="a">INSTITUCIONES DE AYUDA</subfield>
    <subfield code="9">4219</subfield>
  </datafield>
  <datafield ind1="1" tag="651" ind2="4">
    <subfield code="a">LIMÓN (COSTA RICA)</subfield>
    <subfield code="9">4220</subfield>
  </datafield>
  <datafield ind1=" " tag="942" ind2=" ">
    <subfield code="2">z</subfield>
    <subfield code="c">01</subfield>
  </datafield>
</record>